@book{hardy1940ramanujan,
  title={Ramanujan: Twelve Lectures on Subjects Suggested by His Life and Work},
  author={Hardy, G.H. and Aiyangar, S.R.},
  lccn={a41001519},
  url={https://books.google.com/books?id=6AXvAAAAMAAJ},
  year={1940},
  publisher={The University Press}
}
  
@book{samko1993fractional,
  title={Fractional Integrals and Derivatives},
  author={Samko, S. and Kilbas, A.A. and Marichev, O.},
  isbn={9782881248641},
  lccn={93026071},
  url={https://books.google.com/books?id=SO3FQgAACAAJ},
  year={1993},
  publisher={Taylor \& Francis}
}